@Book{munkres,
 author = {Munkres, James},
 title = {Topology},
 publisher = {Pearson},
 year = {2018},
 address = {New York, NY},
 isbn = {978-0-13-468951-7}
 }
