@Book{oxley,
 author = {Oxley, J. G.},
 title = {Matroid theory},
 publisher = {Oxford University Press},
 year = {2011},
 address = {Oxford New York},
 isbn = {978-0-19-856694-6}
 }
