@book{stinson-paterson,
    title = {Cryptography: Theory and Practice},
    author = {Stinson, Douglas R. and Paterson, Maura B.},
    isbn = {9781138197015},
    series = {Textbooks in Mathematics},
    year = {2019},
    publisher = {CRC Press}
}
