@Book{davey-priestley,
  title =     {Introduction to Lattices and Order},
  author =    {Davey B.A., Priestley H.A.},
  publisher = {CUP},
  isbn =      {9780521784511; 0521784514},
  year =      {2002},
  edition =   {2ed.},
}
