@Book{munkres,
 author = {Munkres, James},
 title = {Topology},
 publisher = {Pearson},
 year = {2018},
 address = {New York, NY},
 isbn = {978-0-13-468951-7}
 }

@Book{rotman,
 author = {Rotman, J.J.},
 title = {An Introduction to Algebraic Topology},
 publisher = {Springer-Verlag},
 year = {1988},
 address = {New York, NY},
 isbn = {978-0-387-96678-6}
 }
