@book{book:{29827030},
    title =     {Functions of One Complex Variable I},
    author =    {John B. Conway (auth.)},
    publisher = {Springer},
    isbn =      {9780387942346; 0387942343; 9781461263135; 1461263131},
    year =      {1978},
    series =    {Graduate Texts in Mathematics    №11},
    edition =   {2},
}

@book{book:{29827030},
    title =     {Functions of One Complex Variable I},
    author =    {John B. Conway (auth.)},
    publisher = {Springer},
    isbn =      {9780387942346; 0387942343; 9781461263135; 1461263131},
    year =      {1978},
    series =    {Graduate Texts in Mathematics    №11},
    edition =   {2},
}
