@Book{maclane,
 author = {Mac Lane,Saunders},
 title = {Categories for the Working Mathematician},
 publisher = {Springer},
 year = {1998},
 address = {New York},
 isbn = {978-0-387-98403-2}
 }
