@Book{folland,
    author = {Folland, Gerald B.},
    title = {Real Analysis: Modern Techniques and Their Applications},
    publisher = {John Wiley \& Sons, Inc},
    year = {1999},
    address = {Hoboken, NJ},
    isbn = {978-0-471-31716-6}
}

@Book{royden,
    author = {Royden, H. L. and Fitzpatrick, P.M.},
    title = {Real Analysis},
    publisher = {Pearson},
    year = {2010},
    address = {Saddle River, NJ},
    isbn = {978-93-325-5158-9}
}
