@book{herstein,
    title = {Topics in Algebra},
    author = {Herstine, I.N.},
    publisher = {Blaisdell Publishing Company}
}

@book{hoffman-kunze,
    title = {Linear Algebra},
    author = {Hoffman, Kenneth and Kunze, Ray},
    isbn = {978-93-325-5007-0}
    year = {1971}
    publisher = {Pearson Education Inc.}
}
