@Book{dummit,
 author = {Dummit, David},
 title = {Abstract algebra},
 publisher = {John Wiley \& Sons, Inc},
 year = {2004},
 address = {Hoboken, NJ},
 isbn = {0-471-43334-9}
 }

@Book{herstein,
 author = {Herstein, I. N.},
 title = {Topics in algebra},
 publisher = {Wiley},
 year = {1975},
 address = {New York},
 isbn = {978-0-471-01090-6}
 }
