@book{Munkres,
    AUTHOR=" Munkres, James R.",
    TITLE="Topology",
    PUBLISHER="Pearson Education",
    YEAR="2018",
    ISBN="978-0-13-468951-7",
}
