@Book{dummit,
 author = {Dummit, David},
 title = {Abstract algebra},
 publisher = {John Wiley \& Sons, Inc},
 year = {2004},
 address = {Hoboken, NJ},
 isbn = {0-471-43334-9}
 }

@Book{herstein,
 author = {Herstein, I. N.},
 title = {Topics in algebra},
 publisher = {Wiley},
 year = {1975},
 address = {New York},
 isbn = {978-0-471-01090-6}
 }

@Book{atiyah-macdonald,
 author = {Atiyah, M.F and MacDonald, I.G.},
 title = {Introduction to Commutative Algebra},
 publisher = {CRC Press},
 series = {Addison-Wesly Series in Mathematics}
 year = {2019},
 address = {Boca Raton},
 isbn = {13:978-0-367-09128-6}
}

@Book{esienbud,
 author = {Eisenbud, D.},
 title = {Commutative Algebra: Wit a View Toward Algebraic Geometry},
 publisher = {Springer Verlag},
 series = {Graduate Texts in Mathematics}
 year = {2004},
 address = {New York},
 isbn = {978-0-387-94268-1}
}

@Book{hartshorne,
 author = {Hartshorne, R.},
 title = {Algebraic Geometry},
 publisher = {Springer Verlag},
 series = {Graduate Texts in Mathematics}
 year = {1977},
 address = {New York},
 isbn = {978-0-387-90244-9}
}

@Book{fulton,
 author = {Fulton, W.},
 title = {Algebraic Curves: An Introduction to ALgebraic Geometry},
 publisher = {Addison-Wesley},
 series = {Advanced Book Classics}
 year = {1989},
 address = {},
 isbn = {0-201-51010-3}
}

@Book{Lilya,
 author = {Budaghyan, Lilya},
 title = {Construction and Analysis of Cryptographic Functions},
 publisher = {Springer Cham},
 year = {2015},
 isbn = {978-3-319-12990-7}
 }

