@book{wade,
    title = {An Introduction to Analysis},
    author = {Wade, William R.},
    isbn = {0-13-124683-6},
    series = {International Edition},
    year = {2004},
    publisher = {Pearson Education, Inc.}
}
