@Book{wade,
 author = {Wade, W. R.},
 title = {An introduction to analysis},
 publisher = {Pearson Education},
 year = {2004},
 address = {Upper Saddle River, NJ},
 isbn = {0-13-124683-6}
 }
