@Book{wade,
 author = {Wade, W. R.},
 title = {An introduction to analysis},
 publisher = {Pearson Education},
 year = {2004},
 address = {Upper Saddle River, NJ},
 isbn = {0-13-124683-6}
 }

@Book{rudin,
 author = {Rudin, Walter},
 title = {Principles of mathematical analysis},
 publisher = {McGraw-Hill},
 year = {1976},
 address = {New York},
 isbn = {978-0-07-054235-8}
 }
