@Book{dummit,
 author = {Dummit, David},
 title = {Abstract algebra},
 publisher = {John Wiley \& Sons, Inc},
 year = {2004},
 address = {Hoboken, NJ},
 isbn = {0-471-43334-9}
 }
