@book{mc-eliece,
    title = {The Theory of Information and Coding},
    author = {McEliece, Robert, J.},
    isbn = {0-511-03714-7},
    series = {Encyclopedia of Mathematics and its Applications},
    year = {2004},
    publisher = {Cambridge University Press}
}
