@Book{mceliece,
 author = {McEliece, Robert},
 title = {The theory of information and coding},
 publisher = {Cambridge University Press},
 year = {2001},
 address = {Cambridge},
 isbn = {0-511-03714-7}
 }
